@article{busch1998,
  title        = {Two cold atoms in a harmonic trap},
  author       = {Busch, Thomas and Englert, Berthold-Georg and Rza{\.z}ewski,
                  Kazimierz and Wilkens, Martin},
  journal      = {Foundations of Physics},
  volume       = 28,
  number       = 4,
  pages        = {549--559},
  year         = 1998,
  publisher    = {Springer}
}
